@book{gonzalez2008,
    title     = {Digital Image Processing},
    author    = {Gonzalez, Rafael C. and Woods, Richard E.},
    edition   = {3},
    publisher = {Pearson Education},
    year      = {2008},
    address   = {Upper Saddle River, NJ},
}

@misc{medium_canny,
    author       = {Sofiane Sahir},
    title        = {Canny Edge Detection: Step by Step in Python Computer Vision},
    howpublished = {\url{https://medium.com/data-science/canny-edge-detection-step-by-step-in-python-computer-vision-b49c3a2d8123}},
    note         = {Medium; Accessed on 2023-10-15},
}

@misc{sriram_canny,
    author       = {Abhishek Sriram},
    title        = {Canny Edge Detection Explained and Compared with OpenCV in Python},
    howpublished = {\url{https://medium.com/@abhisheksriram845/canny-edge-detection-explained-and-compared-with-opencv-in-python-57a161b4bd19}},
    note         = {Medium; Accessed on 2023-10-15},
}

@misc{wikipedia_canny,
    author       = {{Wikipedia contributors}},
    title        = {Canny edge detector},
    howpublished = {\url{https://en.wikipedia.org/wiki/Canny_edge_detector}},
    note         = {Accessed on 2023-10-15},
}